@article{PS2004,
title = "{Hydrogen incorporation in stishovite at high pressure and symmetric hydrogen bonding in $\delta$-AlOOH}",
journal = "Earth and Planetary Science Letters ",
volume = "221",
number = "1–4",
pages = "421 - 431",
year = "2004",
note = "",
issn = "0012-821X",
doi = "http://dx.doi.org/10.1016/S0012-821X(04)00100-1",
url = "http://www.sciencedirect.com/science/article/pii/S0012821X04001001",
author = "Wendy R Panero and Lars P Stixrude"
}

@ARTICLE{BBB2006,
   author = {{Bromiley}, G.~D. and {Bromiley}, F.~A. and {Bromiley}, D.~W.
	},
    title = "{On the mechanisms for H and Al incorporation in stishovite}",
  journal = {Physics and Chemistry of Minerals},
     year = 2006,
    month = nov,
   volume = 33,
    pages = {613-621},
      doi = {10.1007/s00269-006-0107-9},
   adsurl = {http://adsabs.harvard.edu/abs/2006PCM....33..613B},
  adsnote = {Provided by the SAO/NASA Astrophysics Data System}
}

@article{LKSOLBI2007,
title = "{High hydrogen solubility in Al-rich stishovite and water transport in the lower mantle}",
journal = "Earth and Planetary Science Letters",
volume = "262",
number = "3–4",
pages = "620 - 634",
year = "2007",
note = "",
issn = "0012-821X",
doi = "http://dx.doi.org/10.1016/j.epsl.2007.08.015",
url = "http://www.sciencedirect.com/science/article/pii/S0012821X07005341",
author = "Konstantin D. Litasov and Hiroyuki Kagi and Anton Shatskiy and Eiji Ohtani and Dmitry L. Lakshtanov and Jay D. Bass and Eiji Ito",
}

@article {CK2002,
author = {Chung, Jung In and Kagi, Hiroyuki},
title = "{High concentration of water in stishovite in the MORB system}",
journal = {Geophysical Research Letters},
volume = {29},
number = {21},
issn = {1944-8007},
url = {http://dx.doi.org/10.1029/2002GL015579},
doi = {10.1029/2002GL015579},
pages = {16-1--16-4},
keywords = {Composition of the mantle, Experimental mineralogy and petrology, High-pressure behavior, Optical, infrared, and Raman spectroscopy},
year = {2002},
note = {2020},
}

@article{Lakshtanovetal2007,
author = {Lakshtanov, Dmitry L. and Sinogeikin, Stanislav V. and Litasov, Konstantin D. and Prakapenka, Vitali B. and Hellwig, Holger and Wang, Jingyun and Sanches-Valle, Carmen and Perrillat, Jean-Philippe and Chen, Bin and Somayazulu, Maddury and Li, Jie and Ohtani, Eiji and Bass, Jay D.}, 
title = "{The post-stishovite phase transition in hydrous alumina-bearing SiO$_2$ in the lower mantle of the Earth}",
volume = {104}, 
number = {34}, 
pages = {13588-13590}, 
year = {2007}, 
doi = {10.1073/pnas.0706113104}, 
journal = {Proceedings of the National Academy of Sciences} 
}

@article{SAP2012,
title = "{X-ray diffraction from stishovite under nonhydrostatic compression to 70 GPa: Strength and elasticity across the tetragonal$\rightarrow$orthorhombic transition}",
journal = "Physics of the Earth and Planetary Interiors ",
volume = "208–209",
number = "0",
pages = "1 - 10",
year = "2012",
note = "",
issn = "0031-9201",
doi = "http://dx.doi.org/10.1016/j.pepi.2012.07.003",
url = "http://www.sciencedirect.com/science/article/pii/S0031920112001239",
author = "Anil K. Singh and Denis Andrault and Pierre Bouvier",
}

@article{Lakshtanovetal2005,
year={2005},
issn={0342-1791},
journal={Physics and Chemistry of Minerals},
volume={32},
number={7},
doi={10.1007/s00269-005-0016-3},
title="{The equation of state of Al,H-bearing SiO$_2$ stishovite to 58 GPa}",
url={http://dx.doi.org/10.1007/s00269-005-0016-3},
publisher={Springer-Verlag},
keywords={Water in the mantle; High pressure; Synchrotron X-ray diffraction; Equation of state; Water-bearing stishovite},
author={Lakshtanov, D. L. and Vanpeteghem, C. B. and Jackson, J. M. and Bass, J. D. and Shen, Guoyin and Prakapenka, V. B. and Litasov, Konstantin and Ohtani, Eiji},
pages={466-470},
language={English}
}

@ARTICLE{KCHM1995,
   author = {{Kingma}, K.~J. and {Cohen}, R.~E. and {Hemley}, R.~J. and {Mao}, H.-K.},
    title = "{Transformation of stishovite to a denser phase at lower-mantle pressures}",
  journal = {Nature},
     year = 1995,
    month = mar,
   volume = 374,
    pages = {243-245},
      doi = {10.1038/374243a0},
   adsurl = {http://adsabs.harvard.edu/abs/1995Natur.374..243K},
  adsnote = {Provided by the SAO/NASA Astrophysics Data System}
}

@ARTICLE{AFGH1998,
   author = {{Andrault}, D. and {Fiquet}, G. and {Guyot}, F. and {Hanfland}, M.
	},
    title = "{Pressure-Induced Landau-Type Transition in Stishovite}",
  journal = {Science},
     year = 1998,
    month = oct,
   volume = 282,
    pages = {720},
      doi = {10.1126/science.282.5389.720},
   adsurl = {http://adsabs.harvard.edu/abs/1998Sci...282..720A},
  adsnote = {Provided by the SAO/NASA Astrophysics Data System}
}


@ARTICLE{OHMI2002,
   author = {{Ono}, S. and {Hirose}, K. and {Murakami}, M. and {Isshiki}, M.
	},
    title = "{Post-stishovite phase boundary in SiO$_{2}$ determined by in situ X-ray observations}",
  journal = {Earth and Planetary Science Letters},
     year = 2002,
    month = apr,
   volume = 197,
    pages = {187-192},
      doi = {10.1016/S0012-821X(02)00479-X},
   adsurl = {http://adsabs.harvard.edu/abs/2002E%26PSL.197..187O},
  adsnote = {Provided by the SAO/NASA Astrophysics Data System}
}

@ARTICLE{SLB2011,
   author = {{Stixrude}, L. and {Lithgow-Bertelloni}, C.},
    title = "{Thermodynamics of mantle minerals - II. Phase equilibria}",
  journal = {Geophysical Journal International},
 keywords = {Composition of the mantle, Elasticity and anelasticity, Equations of state, High-pressure behaviour, Phase transitions, Planetary interiors},
     year = 2011,
    month = mar,
   volume = 184,
    pages = {1180-1213},
      doi = {10.1111/j.1365-246X.2010.04890.x},
   adsurl = {http://adsabs.harvard.edu/abs/2011GeoJI.184.1180S},
  adsnote = {Provided by the SAO/NASA Astrophysics Data System}
}

@article{HP2011,
author = {{Holland}, T. J. B. and {Powell}, R.},
title = {An improved and extended internally consistent thermodynamic dataset for phases of petrological interest, involving a new equation of state for solids},
journal = {Journal of Metamorphic Geology},
volume = {29},
number = {3},
publisher = {Blackwell Publishing Ltd},
issn = {1525-1314},
doi = {10.1111/j.1525-1314.2010.00923.x},
pages = {333--383},
keywords = {equation of state, internally consistent dataset, thermodynamic data},
year = {2011}
}

@article {CHRU2014,
author = {Cottaar, Sanne and Heister, Timo and Rose, Ian and Unterborn, Cayman},
title = "{BurnMan: A lower mantle mineral physics toolkit}",
journal = {Geochemistry, Geophysics, Geosystems},
volume = {15},
number = {4},
issn = {1525-2027},
url = {http://dx.doi.org/10.1002/2013GC005122},
doi = {10.1002/2013GC005122},
pages = {1164--1179},
keywords = {Elasticity and anelasticity, Equations of state, Mantle, Composition of the mantle, Modeling, open-source, elasticity},
year = {2014}
}

@ARTICLE{TY1989,
   author = {{Tsuchida}, Y. and {Yagi}, T.},
    title = "{A new, post-stishovite high-pressure polymorph of silica}",
  journal = {Nature},
 keywords = {Laser Heating, Lattice Parameters, Polymorphism, Silicon Dioxide, Stishovite, Amorphous Materials, Crystallization, Earth Mantle, Geochemistry, High Pressure, Quartz, X Ray Diffraction},
     year = 1989,
    month = jul,
   volume = 340,
    pages = {217-220},
      doi = {10.1038/340217a0},
   adsurl = {http://adsabs.harvard.edu/abs/1989Natur.340..217T},
  adsnote = {Provided by the SAO/NASA Astrophysics Data System}
}
